@article{chen2013efficient,
  title={Efficient ant colony optimization for image feature selection},
  author={Chen, Bolun and Chen, Ling and Chen, Yixin},
  journal={Signal processing},
  volume={93},
  number={6},
  pages={1566--1576},
  year={2013},
  publisher={Elsevier}
}
@article{pereira2015exudate,
  title={Exudate segmentation in fundus images using an ant colony optimization approach},
  author={Pereira, Carla and Gon{\c{c}}alves, Lu{\'\i}s and Ferreira, Manuel},
  journal={Information Sciences},
  volume={296},
  pages={14--24},
  year={2015},
  publisher={Elsevier}
}
@inproceedings{wang2017feature,
  title={Feature selection guided auto-encoder},
  author={Wang, Shuyang and Ding, Zhengming and Fu, Yun},
  booktitle={Proceedings of the AAAI Conference on Artificial Intelligence},
  volume={31},
  number={1},
  year={2017}
}
