@article{jones1987evaluation,
  title={An evaluation of the two-dimensional Gabor filter model of simple receptive fields in cat striate cortex},
  author={Jones, Judson P and Palmer, Larry A},
  journal={Journal of neurophysiology},
  volume={58},
  number={6},
  pages={1233--1258},
  year={1987}
}
@article{xu2009automatic,
  title={Automatic 3D face recognition from depth and intensity Gabor features},
  author={Xu, Chenghua and Li, Stan and Tan, Tieniu and Quan, Long},
  journal={Pattern recognition},
  volume={42},
  number={9},
  pages={1895--1905},
  year={2009},
  publisher={Elsevier}
}
@inproceedings{nava2011comparison,
  title={A comparison study of Gabor and log-Gabor wavelets for texture segmentation},
  author={Nava, Rodrigo and Escalante-Ram{\'\i}rez, Boris and Crist{\'o}bal, Gabriel},
  booktitle={2011 7th International Symposium on Image and Signal Processing and Analysis (ISPA)},
  pages={189--194},
  year={2011},
  organization={IEEE}
}
@article{yang2019multiscale,
  title={Multiscale feature-clustering-based fully convolutional autoencoder for fast accurate visual inspection of texture surface defects},
  author={Yang, Hua and Chen, Yifan and Song, Kaiyou and Yin, Zhouping},
  journal={IEEE Transactions on Automation Science and Engineering},
  volume={16},
  number={3},
  pages={1450--1467},
  year={2019},
  publisher={IEEE}
}
@article{siva2020brain,
  title={Brain tumor classification using a hybrid deep autoencoder with Bayesian fuzzy clustering-based segmentation approach},
  author={Siva Raja, PM and Rani, Antony Viswasa},
  journal={Biocybernetics and Biomedical Engineering},
  volume={40},
  number={1},
  year={2020}
}
@article{lin2010image,
  title={Image segmentation using the k-means algorithm for texture features},
  author={Lin, Wan-Ting and Lin, Chuen-Horng and Wu, Tsung-Ho and Chan, Yung-Kuan},
  journal={World Academy of Science, Engineering and Technology},
  volume={65},
  pages={612--615},
  year={2010}
}
@article{yang2002segmentation,
  title={Segmentation techniques for tissue differentiation in MRI of ophthalmology using fuzzy clustering algorithms},
  author={Yang, Miin-Shen and Hu, Yu-Jen and Lin, Karen Chia-Ren and Lin, Charles Chia-Lee},
  journal={Magnetic Resonance Imaging},
  volume={20},
  number={2},
  pages={173--179},
  year={2002},
  publisher={Elsevier}
}
@article{harikiran2015multiple,
  title={Multiple feature fuzzy c-means clustering algorithm for segmentation of microarray images},
  author={Harikiran, J and Lakshmi, PV and Kumar, R Kiran},
  journal={International Journal of Electrical and Computer Engineering},
  volume={5},
  number={5},
  year={2015},
  publisher={IAES Institute of Advanced Engineering and Science}
}
@article{chuang2006fuzzy,
  title={Fuzzy c-means clustering with spatial information for image segmentation},
  author={Chuang, Keh-Shih and Tzeng, Hong-Long and Chen, Sharon and Wu, Jay and Chen, Tzong-Jer},
  journal={computerized medical imaging and graphics},
  volume={30},
  number={1},
  pages={9--15},
  year={2006},
  publisher={Elsevier}
}
@article{kurumalla2016k,
  title={K-nearest neighbor based dbscan clustering algorithm for image segmentation},
  author={Kurumalla, Suresh and Rao, P Srinivasa},
  journal={Journal of Theoretical and Applied Information Technology},
  volume={92},
  number={2},
  pages={395},
  year={2016},
  publisher={Journal of Theoretical and Applied Information}
}
@article{wang2019improved,
  title={An improved DBSCAN method for LiDAR data segmentation with automatic Eps estimation},
  author={Wang, Chunxiao and Ji, Min and Wang, Jian and Wen, Wei and Li, Ting and Sun, Yong},
  journal={Sensors},
  volume={19},
  number={1},
  pages={172},
  year={2019},
  publisher={Multidisciplinary Digital Publishing Institute}
}
@inproceedings{long2015fully,
  title={Fully convolutional networks for semantic segmentation},
  author={Long, Jonathan and Shelhamer, Evan and Darrell, Trevor},
  booktitle={Proceedings of the IEEE conference on computer vision and pattern recognition},
  pages={3431--3440},
  year={2015}
}
@inproceedings{jegou2017one,
  title={The one hundred layers tiramisu: Fully convolutional densenets for semantic segmentation},
  author={J{\'e}gou, Simon and Drozdzal, Michal and Vazquez, David and Romero, Adriana and Bengio, Yoshua},
  booktitle={Proceedings of the IEEE conference on computer vision and pattern recognition workshops},
  pages={11--19},
  year={2017}
}
@article{fujieda2018wavelet,
  title={Wavelet convolutional neural networks},
  author={Fujieda, Shin and Takayama, Kohei and Hachisuka, Toshiya},
  journal={arXiv preprint arXiv:1805.08620},
  year={2018}
}
@article{garcia2018segmentation,
  title={Segmentation of images by color features: A survey},
  author={Garcia-Lamont, Farid and Cervantes, Jair and L{\'o}pez, Asdr{\'u}bal and Rodriguez, Lisbeth},
  journal={Neurocomputing},
  volume={292},
  pages={1--27},
  year={2018},
  publisher={Elsevier}
}

